@BOOK{RAMMEDEARTHHOUSE,
TITLE = {The Rammed Earth House},
AUTHOR = {David Easton},
YEAR = {2007},
PUBLISHER = {Chelsea Green Publishing Company. White River Junction, Vermont},
}

@article{CHRONO,
author  = {Charles Augarde},
title   = {A chronological description of the spatial development of rammed earth techniques},
journal = {International Jounral of Architectural Heritage},
year    = {2008},
month   = {November},
}



@BOOK{MOECONVERGENCE,
  TITLE = {Convergence},
  SUBTITLE = {An Architectural Agenda for Energy},
  AUTHOR = {Moe, Kiel},
  YEAR = {2013},
  PUBLISHER = {Routledge},
}

@BOOK{MOEID,
  TITLE = {Integrated Design in Contemporary Architecture},
  AUTHOR = {Moe, Kiel},
  YEAR = {2008},
  PUBLISHER = {Princeton Architectural Press},
}
@BOOK{MOEIM,
  TITLE = {Insulating Modernism},
  SUBTITLE = {Isolated and Non-Isolated Thermodynamics in Architecture},
  AUTHOR = {Moe, Kiel},
  YEAR = {2014},
  PUBLISHER = {Birkhauser},
}

@BOOK{MOEHEA,
  TITLE = {The Hierarchy of Energy in Architecture},
  SUBTITLE = {Emergy Analysis},
  AUTHOR = {Moe, Kiel and Srinivasan, Ravi},
  YEAR = {2015},
  PUBLISHER = {Routledge},
}


%% Fluxability
@misc{FLUXIO,
    author = "Flux Data Inc.",
    title = "Flux Data Sharing Platform for Building and Construction Design | Flux.io",
    year = "2018",
    url = "https://flux.io/",
    note = "[Online; accessed 2-March-2018]"
  }


%% ATTIA
@misc{ATTIA2009EA,
  title={Engineered Architecture},
  author={Attia, Eli},
  url={https://patents.google.com/patent/US20090234696A1},
  year={2009},
  publisher={Google Patents},
  note={U.S. Patent 2009/0234696A1}
}


@article{MCLEODTAYLORISM,
author  = {Mary McLeod},
title   = {"Architecture or Revolution": Taylorism, Technocracy, and Social Change},
journal = {Art Journal},
year    = 1983,
number  = 2,
pages   = {132-147},
month   = Summer,
volume  = 43
}

@article{GLOBESEA,
author  = {Moshe Lichtman},
title   = {"Architect Eli Attia: Google Stole My Life's Work"},
journal = {GLOBES},
year    = 2013,
url = "http://www.globes.co.il/en/article-1000889578",
}



@article{FUCKFLUX,
author  = {Brett David Stewart},
title   = {"Flux Shifts Direction, New Platform Due Mid-Year"},
journal = {BuiltWorlds},
year    = 2018,
url = "https://builtworlds.com/news/breaking-news-flux-shifts-direction/",
}



@BOOK{TOWERANDBRIDGE,
  TITLE = {The Tower and the Bridge},
  SUBTITLE = {The New Art of Structural Engineering},
  AUTHOR = {Billington, David P.},
  YEAR = {1983},
  PUBLISHER = {Princeton University Press},
}

@INBOOK{RETROFITTINGMASONRY,
	editor = {Moe, Kiel and Smith, Ryan E.},
	author = {Block, Philippe},
	publisher = {Routledge},
	year = {2012},
	language = {en},
	booktitle = {Building systems : design, technology, and society},
	adress = {London},
	title = {Retrofitting and Redacting Masonry Engineering},
	PAGES = {73 - 85},
}

@INBOOK{CONSHISTORY},
	editor = {Moe, Kiel and Smith, Ryan E.},
	author = {Picon, Antoine},
	publisher = {Routledge},
	year = {2012},
	language = {en},
	booktitle = {Building systems : design, technology, and society},
	adress = {London},
	isbn = {978-0-415-61793-2},
	title = {Construction History},
	PAGES = {14},
}





@book{SYNOFFORM, place={Cambridge, Mass.}, title={Notes on the synthesis of form}, publisher={Harvard Univ. Press}, author={Alexander, Christopher}, year={2002}}

@BOOK{NATHISTORY,
    TITLE = {Natural History, IX},
    AUTHOR = {Pliny the Elder},
    YEAR = {1942},
    PUBLISHER = {Loeb Classical History (Cambridge, MA)},
  }

@MISC{GARDENDALE,
    author =       "Jennifer Lynn Carpenter",
    title =        "Dirt Cheap: The Gardendale Experiment and Rammed Earth Home Construction in the United States",
    year = "2010"
    }


@MISC{ORIGINSOFSUS,
      author =       "Charlotte Kelly",
      title =        "Origins of Sustainability",
      subtitle = "Report for Task 1.1 -- Appraisal of Sustainability Project"
    }
